%YAML 1.1
%TAG !u! tag:unity3d.com,2011:
--- !u!1 &458561642221657446
GameObject:
  m_ObjectHideFlags: 0
  m_CorrespondingSourceObject: {fileID: 0}
  m_PrefabInstance: {fileID: 0}
  m_PrefabAsset: {fileID: 0}
  serializedVersion: 6
  m_Component:
  - component: {fileID: 3215246827958456156}
  m_Layer: 0
  m_Name: Wall
  m_TagString: Untagged
  m_Icon: {fileID: 0}
  m_NavMeshLayer: 0
  m_StaticEditorFlags: 0
  m_IsActive: 1
--- !u!4 &3215246827958456156
Transform:
  m_ObjectHideFlags: 0
  m_CorrespondingSourceObject: {fileID: 0}
  m_PrefabInstance: {fileID: 0}
  m_PrefabAsset: {fileID: 0}
  m_GameObject: {fileID: 458561642221657446}
  m_LocalRotation: {x: 0, y: 0, z: 0, w: 1}
  m_LocalPosition: {x: -24.252832, y: 10.265558, z: 9.664051}
  m_LocalScale: {x: 1, y: 1, z: 1}
  m_Children:
  - {fileID: 766388735700561924}
  - {fileID: 8778525951997361811}
  - {fileID: 8778525951412319230}
  - {fileID: 8778525952453368275}
  - {fileID: 8778525951515494337}
  - {fileID: 8778525951368693501}
  - {fileID: 8778525951086456233}
  - {fileID: 8778525953024411106}
  - {fileID: 8778525953069011981}
  - {fileID: 8778525952549245478}
  - {fileID: 8778525951110179081}
  - {fileID: 8778525951242155372}
  - {fileID: 8778525952798809344}
  - {fileID: 8778525952994099664}
  - {fileID: 8778525952383391059}
  - {fileID: 8778525951592994966}
  m_Father: {fileID: 0}
  m_RootOrder: 0
  m_LocalEulerAnglesHint: {x: 0, y: 0, z: 0}
--- !u!1001 &2694250502458093707
PrefabInstance:
  m_ObjectHideFlags: 0
  serializedVersion: 2
  m_Modification:
    m_TransformParent: {fileID: 3215246827958456156}
    m_Modifications:
    - target: {fileID: 2001424782943512485, guid: 57798070971de5c4fb4f3ef295f7759a,
        type: 3}
      propertyPath: m_Name
      value: Block Stacks
      objectReference: {fileID: 0}
    - target: {fileID: 3441072204465586319, guid: 57798070971de5c4fb4f3ef295f7759a,
        type: 3}
      propertyPath: m_RootOrder
      value: 0
      objectReference: {fileID: 0}
    - target: {fileID: 3441072204465586319, guid: 57798070971de5c4fb4f3ef295f7759a,
        type: 3}
      propertyPath: m_LocalPosition.x
      value: -2.0699997
      objectReference: {fileID: 0}
    - target: {fileID: 3441072204465586319, guid: 57798070971de5c4fb4f3ef295f7759a,
        type: 3}
      propertyPath: m_LocalPosition.y
      value: -9.92
      objectReference: {fileID: 0}
    - target: {fileID: 3441072204465586319, guid: 57798070971de5c4fb4f3ef295f7759a,
        type: 3}
      propertyPath: m_LocalPosition.z
      value: -10.454051
      objectReference: {fileID: 0}
    - target: {fileID: 3441072204465586319, guid: 57798070971de5c4fb4f3ef295f7759a,
        type: 3}
      propertyPath: m_LocalRotation.w
      value: 1
      objectReference: {fileID: 0}
    - target: {fileID: 3441072204465586319, guid: 57798070971de5c4fb4f3ef295f7759a,
        type: 3}
      propertyPath: m_LocalRotation.x
      value: -0
      objectReference: {fileID: 0}
    - target: {fileID: 3441072204465586319, guid: 57798070971de5c4fb4f3ef295f7759a,
        type: 3}
      propertyPath: m_LocalRotation.y
      value: -0
      objectReference: {fileID: 0}
    - target: {fileID: 3441072204465586319, guid: 57798070971de5c4fb4f3ef295f7759a,
        type: 3}
      propertyPath: m_LocalRotation.z
      value: -0
      objectReference: {fileID: 0}
    - target: {fileID: 3441072204465586319, guid: 57798070971de5c4fb4f3ef295f7759a,
        type: 3}
      propertyPath: m_LocalEulerAnglesHint.x
      value: 0
      objectReference: {fileID: 0}
    - target: {fileID: 3441072204465586319, guid: 57798070971de5c4fb4f3ef295f7759a,
        type: 3}
      propertyPath: m_LocalEulerAnglesHint.y
      value: 0
      objectReference: {fileID: 0}
    - target: {fileID: 3441072204465586319, guid: 57798070971de5c4fb4f3ef295f7759a,
        type: 3}
      propertyPath: m_LocalEulerAnglesHint.z
      value: 0
      objectReference: {fileID: 0}
    m_RemovedComponents: []
  m_SourcePrefab: {fileID: 100100000, guid: 57798070971de5c4fb4f3ef295f7759a, type: 3}
--- !u!4 &766388735700561924 stripped
Transform:
  m_CorrespondingSourceObject: {fileID: 3441072204465586319, guid: 57798070971de5c4fb4f3ef295f7759a,
    type: 3}
  m_PrefabInstance: {fileID: 2694250502458093707}
  m_PrefabAsset: {fileID: 0}
--- !u!1001 &6202215519664078364
PrefabInstance:
  m_ObjectHideFlags: 0
  serializedVersion: 2
  m_Modification:
    m_TransformParent: {fileID: 3215246827958456156}
    m_Modifications:
    - target: {fileID: 2001424782943512485, guid: 57798070971de5c4fb4f3ef295f7759a,
        type: 3}
      propertyPath: m_Name
      value: Block Stacks (1)
      objectReference: {fileID: 0}
    - target: {fileID: 3441072204465586319, guid: 57798070971de5c4fb4f3ef295f7759a,
        type: 3}
      propertyPath: m_RootOrder
      value: 1
      objectReference: {fileID: 0}
    - target: {fileID: 3441072204465586319, guid: 57798070971de5c4fb4f3ef295f7759a,
        type: 3}
      propertyPath: m_LocalPosition.x
      value: -1.07
      objectReference: {fileID: 0}
    - target: {fileID: 3441072204465586319, guid: 57798070971de5c4fb4f3ef295f7759a,
        type: 3}
      propertyPath: m_LocalPosition.y
      value: -9.92
      objectReference: {fileID: 0}
    - target: {fileID: 3441072204465586319, guid: 57798070971de5c4fb4f3ef295f7759a,
        type: 3}
      propertyPath: m_LocalPosition.z
      value: -10.514051
      objectReference: {fileID: 0}
    - target: {fileID: 3441072204465586319, guid: 57798070971de5c4fb4f3ef295f7759a,
        type: 3}
      propertyPath: m_LocalRotation.w
      value: 1
      objectReference: {fileID: 0}
    - target: {fileID: 3441072204465586319, guid: 57798070971de5c4fb4f3ef295f7759a,
        type: 3}
      propertyPath: m_LocalRotation.x
      value: -0
      objectReference: {fileID: 0}
    - target: {fileID: 3441072204465586319, guid: 57798070971de5c4fb4f3ef295f7759a,
        type: 3}
      propertyPath: m_LocalRotation.y
      value: -0
      objectReference: {fileID: 0}
    - target: {fileID: 3441072204465586319, guid: 57798070971de5c4fb4f3ef295f7759a,
        type: 3}
      propertyPath: m_LocalRotation.z
      value: -0
      objectReference: {fileID: 0}
    - target: {fileID: 3441072204465586319, guid: 57798070971de5c4fb4f3ef295f7759a,
        type: 3}
      propertyPath: m_LocalEulerAnglesHint.x
      value: 0
      objectReference: {fileID: 0}
    - target: {fileID: 3441072204465586319, guid: 57798070971de5c4fb4f3ef295f7759a,
        type: 3}
      propertyPath: m_LocalEulerAnglesHint.y
      value: 0
      objectReference: {fileID: 0}
    - target: {fileID: 3441072204465586319, guid: 57798070971de5c4fb4f3ef295f7759a,
        type: 3}
      propertyPath: m_LocalEulerAnglesHint.z
      value: 0
      objectReference: {fileID: 0}
    m_RemovedComponents: []
  m_SourcePrefab: {fileID: 100100000, guid: 57798070971de5c4fb4f3ef295f7759a, type: 3}
--- !u!4 &8778525951997361811 stripped
Transform:
  m_CorrespondingSourceObject: {fileID: 3441072204465586319, guid: 57798070971de5c4fb4f3ef295f7759a,
    type: 3}
  m_PrefabInstance: {fileID: 6202215519664078364}
  m_PrefabAsset: {fileID: 0}
--- !u!1001 &6202215520060299289
PrefabInstance:
  m_ObjectHideFlags: 0
  serializedVersion: 2
  m_Modification:
    m_TransformParent: {fileID: 3215246827958456156}
    m_Modifications:
    - target: {fileID: 2001424782943512485, guid: 57798070971de5c4fb4f3ef295f7759a,
        type: 3}
      propertyPath: m_Name
      value: Block Stacks (11)
      objectReference: {fileID: 0}
    - target: {fileID: 3441072204465586319, guid: 57798070971de5c4fb4f3ef295f7759a,
        type: 3}
      propertyPath: m_RootOrder
      value: 15
      objectReference: {fileID: 0}
    - target: {fileID: 3441072204465586319, guid: 57798070971de5c4fb4f3ef295f7759a,
        type: 3}
      propertyPath: m_LocalPosition.x
      value: 3.880001
      objectReference: {fileID: 0}
    - target: {fileID: 3441072204465586319, guid: 57798070971de5c4fb4f3ef295f7759a,
        type: 3}
      propertyPath: m_LocalPosition.y
      value: -4.9700003
      objectReference: {fileID: 0}
    - target: {fileID: 3441072204465586319, guid: 57798070971de5c4fb4f3ef295f7759a,
        type: 3}
      propertyPath: m_LocalPosition.z
      value: -10.454051
      objectReference: {fileID: 0}
    - target: {fileID: 3441072204465586319, guid: 57798070971de5c4fb4f3ef295f7759a,
        type: 3}
      propertyPath: m_LocalRotation.w
      value: 1
      objectReference: {fileID: 0}
    - target: {fileID: 3441072204465586319, guid: 57798070971de5c4fb4f3ef295f7759a,
        type: 3}
      propertyPath: m_LocalRotation.x
      value: -0
      objectReference: {fileID: 0}
    - target: {fileID: 3441072204465586319, guid: 57798070971de5c4fb4f3ef295f7759a,
        type: 3}
      propertyPath: m_LocalRotation.y
      value: -0
      objectReference: {fileID: 0}
    - target: {fileID: 3441072204465586319, guid: 57798070971de5c4fb4f3ef295f7759a,
        type: 3}
      propertyPath: m_LocalRotation.z
      value: -0
      objectReference: {fileID: 0}
    - target: {fileID: 3441072204465586319, guid: 57798070971de5c4fb4f3ef295f7759a,
        type: 3}
      propertyPath: m_LocalEulerAnglesHint.x
      value: 0
      objectReference: {fileID: 0}
    - target: {fileID: 3441072204465586319, guid: 57798070971de5c4fb4f3ef295f7759a,
        type: 3}
      propertyPath: m_LocalEulerAnglesHint.y
      value: 0
      objectReference: {fileID: 0}
    - target: {fileID: 3441072204465586319, guid: 57798070971de5c4fb4f3ef295f7759a,
        type: 3}
      propertyPath: m_LocalEulerAnglesHint.z
      value: 0
      objectReference: {fileID: 0}
    m_RemovedComponents: []
  m_SourcePrefab: {fileID: 100100000, guid: 57798070971de5c4fb4f3ef295f7759a, type: 3}
--- !u!4 &8778525951592994966 stripped
Transform:
  m_CorrespondingSourceObject: {fileID: 3441072204465586319, guid: 57798070971de5c4fb4f3ef295f7759a,
    type: 3}
  m_PrefabInstance: {fileID: 6202215520060299289}
  m_PrefabAsset: {fileID: 0}
--- !u!1001 &6202215520115028849
PrefabInstance:
  m_ObjectHideFlags: 0
  serializedVersion: 2
  m_Modification:
    m_TransformParent: {fileID: 3215246827958456156}
    m_Modifications:
    - target: {fileID: 2001424782943512485, guid: 57798070971de5c4fb4f3ef295f7759a,
        type: 3}
      propertyPath: m_Name
      value: Block Stacks (2)
      objectReference: {fileID: 0}
    - target: {fileID: 3441072204465586319, guid: 57798070971de5c4fb4f3ef295f7759a,
        type: 3}
      propertyPath: m_RootOrder
      value: 2
      objectReference: {fileID: 0}
    - target: {fileID: 3441072204465586319, guid: 57798070971de5c4fb4f3ef295f7759a,
        type: 3}
      propertyPath: m_LocalPosition.x
      value: -1.039999
      objectReference: {fileID: 0}
    - target: {fileID: 3441072204465586319, guid: 57798070971de5c4fb4f3ef295f7759a,
        type: 3}
      propertyPath: m_LocalPosition.y
      value: -4.9900002
      objectReference: {fileID: 0}
    - target: {fileID: 3441072204465586319, guid: 57798070971de5c4fb4f3ef295f7759a,
        type: 3}
      propertyPath: m_LocalPosition.z
      value: -10.524051
      objectReference: {fileID: 0}
    - target: {fileID: 3441072204465586319, guid: 57798070971de5c4fb4f3ef295f7759a,
        type: 3}
      propertyPath: m_LocalRotation.w
      value: 1
      objectReference: {fileID: 0}
    - target: {fileID: 3441072204465586319, guid: 57798070971de5c4fb4f3ef295f7759a,
        type: 3}
      propertyPath: m_LocalRotation.x
      value: -0
      objectReference: {fileID: 0}
    - target: {fileID: 3441072204465586319, guid: 57798070971de5c4fb4f3ef295f7759a,
        type: 3}
      propertyPath: m_LocalRotation.y
      value: -0
      objectReference: {fileID: 0}
    - target: {fileID: 3441072204465586319, guid: 57798070971de5c4fb4f3ef295f7759a,
        type: 3}
      propertyPath: m_LocalRotation.z
      value: -0
      objectReference: {fileID: 0}
    - target: {fileID: 3441072204465586319, guid: 57798070971de5c4fb4f3ef295f7759a,
        type: 3}
      propertyPath: m_LocalEulerAnglesHint.x
      value: 0
      objectReference: {fileID: 0}
    - target: {fileID: 3441072204465586319, guid: 57798070971de5c4fb4f3ef295f7759a,
        type: 3}
      propertyPath: m_LocalEulerAnglesHint.y
      value: 0
      objectReference: {fileID: 0}
    - target: {fileID: 3441072204465586319, guid: 57798070971de5c4fb4f3ef295f7759a,
        type: 3}
      propertyPath: m_LocalEulerAnglesHint.z
      value: 0
      objectReference: {fileID: 0}
    m_RemovedComponents: []
  m_SourcePrefab: {fileID: 100100000, guid: 57798070971de5c4fb4f3ef295f7759a, type: 3}
--- !u!4 &8778525951412319230 stripped
Transform:
  m_CorrespondingSourceObject: {fileID: 3441072204465586319, guid: 57798070971de5c4fb4f3ef295f7759a,
    type: 3}
  m_PrefabInstance: {fileID: 6202215520115028849}
  m_PrefabAsset: {fileID: 0}
--- !u!1001 &6202215520201426766
PrefabInstance:
  m_ObjectHideFlags: 0
  serializedVersion: 2
  m_Modification:
    m_TransformParent: {fileID: 3215246827958456156}
    m_Modifications:
    - target: {fileID: 2001424782943512485, guid: 57798070971de5c4fb4f3ef295f7759a,
        type: 3}
      propertyPath: m_Name
      value: Block Stacks (4)
      objectReference: {fileID: 0}
    - target: {fileID: 3441072204465586319, guid: 57798070971de5c4fb4f3ef295f7759a,
        type: 3}
      propertyPath: m_RootOrder
      value: 4
      objectReference: {fileID: 0}
    - target: {fileID: 3441072204465586319, guid: 57798070971de5c4fb4f3ef295f7759a,
        type: 3}
      propertyPath: m_LocalPosition.x
      value: -0.1099987
      objectReference: {fileID: 0}
    - target: {fileID: 3441072204465586319, guid: 57798070971de5c4fb4f3ef295f7759a,
        type: 3}
      propertyPath: m_LocalPosition.y
      value: -9.92
      objectReference: {fileID: 0}
    - target: {fileID: 3441072204465586319, guid: 57798070971de5c4fb4f3ef295f7759a,
        type: 3}
      propertyPath: m_LocalPosition.z
      value: -10.454051
      objectReference: {fileID: 0}
    - target: {fileID: 3441072204465586319, guid: 57798070971de5c4fb4f3ef295f7759a,
        type: 3}
      propertyPath: m_LocalRotation.w
      value: 1
      objectReference: {fileID: 0}
    - target: {fileID: 3441072204465586319, guid: 57798070971de5c4fb4f3ef295f7759a,
        type: 3}
      propertyPath: m_LocalRotation.x
      value: -0
      objectReference: {fileID: 0}
    - target: {fileID: 3441072204465586319, guid: 57798070971de5c4fb4f3ef295f7759a,
        type: 3}
      propertyPath: m_LocalRotation.y
      value: -0
      objectReference: {fileID: 0}
    - target: {fileID: 3441072204465586319, guid: 57798070971de5c4fb4f3ef295f7759a,
        type: 3}
      propertyPath: m_LocalRotation.z
      value: -0
      objectReference: {fileID: 0}
    - target: {fileID: 3441072204465586319, guid: 57798070971de5c4fb4f3ef295f7759a,
        type: 3}
      propertyPath: m_LocalEulerAnglesHint.x
      value: 0
      objectReference: {fileID: 0}
    - target: {fileID: 3441072204465586319, guid: 57798070971de5c4fb4f3ef295f7759a,
        type: 3}
      propertyPath: m_LocalEulerAnglesHint.y
      value: 0
      objectReference: {fileID: 0}
    - target: {fileID: 3441072204465586319, guid: 57798070971de5c4fb4f3ef295f7759a,
        type: 3}
      propertyPath: m_LocalEulerAnglesHint.z
      value: 0
      objectReference: {fileID: 0}
    m_RemovedComponents: []
  m_SourcePrefab: {fileID: 100100000, guid: 57798070971de5c4fb4f3ef295f7759a, type: 3}
--- !u!4 &8778525951515494337 stripped
Transform:
  m_CorrespondingSourceObject: {fileID: 3441072204465586319, guid: 57798070971de5c4fb4f3ef295f7759a,
    type: 3}
  m_PrefabInstance: {fileID: 6202215520201426766}
  m_PrefabAsset: {fileID: 0}
--- !u!1001 &6202215520356615794
PrefabInstance:
  m_ObjectHideFlags: 0
  serializedVersion: 2
  m_Modification:
    m_TransformParent: {fileID: 3215246827958456156}
    m_Modifications:
    - target: {fileID: 2001424782943512485, guid: 57798070971de5c4fb4f3ef295f7759a,
        type: 3}
      propertyPath: m_Name
      value: Block Stacks (5)
      objectReference: {fileID: 0}
    - target: {fileID: 3441072204465586319, guid: 57798070971de5c4fb4f3ef295f7759a,
        type: 3}
      propertyPath: m_RootOrder
      value: 5
      objectReference: {fileID: 0}
    - target: {fileID: 3441072204465586319, guid: 57798070971de5c4fb4f3ef295f7759a,
        type: 3}
      propertyPath: m_LocalPosition.x
      value: 0.8500004
      objectReference: {fileID: 0}
    - target: {fileID: 3441072204465586319, guid: 57798070971de5c4fb4f3ef295f7759a,
        type: 3}
      propertyPath: m_LocalPosition.y
      value: -9.92
      objectReference: {fileID: 0}
    - target: {fileID: 3441072204465586319, guid: 57798070971de5c4fb4f3ef295f7759a,
        type: 3}
      propertyPath: m_LocalPosition.z
      value: -10.454051
      objectReference: {fileID: 0}
    - target: {fileID: 3441072204465586319, guid: 57798070971de5c4fb4f3ef295f7759a,
        type: 3}
      propertyPath: m_LocalRotation.w
      value: 1
      objectReference: {fileID: 0}
    - target: {fileID: 3441072204465586319, guid: 57798070971de5c4fb4f3ef295f7759a,
        type: 3}
      propertyPath: m_LocalRotation.x
      value: -0
      objectReference: {fileID: 0}
    - target: {fileID: 3441072204465586319, guid: 57798070971de5c4fb4f3ef295f7759a,
        type: 3}
      propertyPath: m_LocalRotation.y
      value: -0
      objectReference: {fileID: 0}
    - target: {fileID: 3441072204465586319, guid: 57798070971de5c4fb4f3ef295f7759a,
        type: 3}
      propertyPath: m_LocalRotation.z
      value: -0
      objectReference: {fileID: 0}
    - target: {fileID: 3441072204465586319, guid: 57798070971de5c4fb4f3ef295f7759a,
        type: 3}
      propertyPath: m_LocalEulerAnglesHint.x
      value: 0
      objectReference: {fileID: 0}
    - target: {fileID: 3441072204465586319, guid: 57798070971de5c4fb4f3ef295f7759a,
        type: 3}
      propertyPath: m_LocalEulerAnglesHint.y
      value: 0
      objectReference: {fileID: 0}
    - target: {fileID: 3441072204465586319, guid: 57798070971de5c4fb4f3ef295f7759a,
        type: 3}
      propertyPath: m_LocalEulerAnglesHint.z
      value: 0
      objectReference: {fileID: 0}
    m_RemovedComponents: []
  m_SourcePrefab: {fileID: 100100000, guid: 57798070971de5c4fb4f3ef295f7759a, type: 3}
--- !u!4 &8778525951368693501 stripped
Transform:
  m_CorrespondingSourceObject: {fileID: 3441072204465586319, guid: 57798070971de5c4fb4f3ef295f7759a,
    type: 3}
  m_PrefabInstance: {fileID: 6202215520356615794}
  m_PrefabAsset: {fileID: 0}
--- !u!1001 &6202215520485406179
PrefabInstance:
  m_ObjectHideFlags: 0
  serializedVersion: 2
  m_Modification:
    m_TransformParent: {fileID: 3215246827958456156}
    m_Modifications:
    - target: {fileID: 2001424782943512485, guid: 57798070971de5c4fb4f3ef295f7759a,
        type: 3}
      propertyPath: m_Name
      value: Block Stacks (13)
      objectReference: {fileID: 0}
    - target: {fileID: 3441072204465586319, guid: 57798070971de5c4fb4f3ef295f7759a,
        type: 3}
      propertyPath: m_RootOrder
      value: 11
      objectReference: {fileID: 0}
    - target: {fileID: 3441072204465586319, guid: 57798070971de5c4fb4f3ef295f7759a,
        type: 3}
      propertyPath: m_LocalPosition.x
      value: 1.8800011
      objectReference: {fileID: 0}
    - target: {fileID: 3441072204465586319, guid: 57798070971de5c4fb4f3ef295f7759a,
        type: 3}
      propertyPath: m_LocalPosition.y
      value: -4.92
      objectReference: {fileID: 0}
    - target: {fileID: 3441072204465586319, guid: 57798070971de5c4fb4f3ef295f7759a,
        type: 3}
      propertyPath: m_LocalPosition.z
      value: -10.324051
      objectReference: {fileID: 0}
    - target: {fileID: 3441072204465586319, guid: 57798070971de5c4fb4f3ef295f7759a,
        type: 3}
      propertyPath: m_LocalRotation.w
      value: 1
      objectReference: {fileID: 0}
    - target: {fileID: 3441072204465586319, guid: 57798070971de5c4fb4f3ef295f7759a,
        type: 3}
      propertyPath: m_LocalRotation.x
      value: -0
      objectReference: {fileID: 0}
    - target: {fileID: 3441072204465586319, guid: 57798070971de5c4fb4f3ef295f7759a,
        type: 3}
      propertyPath: m_LocalRotation.y
      value: -0
      objectReference: {fileID: 0}
    - target: {fileID: 3441072204465586319, guid: 57798070971de5c4fb4f3ef295f7759a,
        type: 3}
      propertyPath: m_LocalRotation.z
      value: -0
      objectReference: {fileID: 0}
    - target: {fileID: 3441072204465586319, guid: 57798070971de5c4fb4f3ef295f7759a,
        type: 3}
      propertyPath: m_LocalEulerAnglesHint.x
      value: 0
      objectReference: {fileID: 0}
    - target: {fileID: 3441072204465586319, guid: 57798070971de5c4fb4f3ef295f7759a,
        type: 3}
      propertyPath: m_LocalEulerAnglesHint.y
      value: 0
      objectReference: {fileID: 0}
    - target: {fileID: 3441072204465586319, guid: 57798070971de5c4fb4f3ef295f7759a,
        type: 3}
      propertyPath: m_LocalEulerAnglesHint.z
      value: 0
      objectReference: {fileID: 0}
    m_RemovedComponents: []
  m_SourcePrefab: {fileID: 100100000, guid: 57798070971de5c4fb4f3ef295f7759a, type: 3}
--- !u!4 &8778525951242155372 stripped
Transform:
  m_CorrespondingSourceObject: {fileID: 3441072204465586319, guid: 57798070971de5c4fb4f3ef295f7759a,
    type: 3}
  m_PrefabInstance: {fileID: 6202215520485406179}
  m_PrefabAsset: {fileID: 0}
--- !u!1001 &6202215520618162566
PrefabInstance:
  m_ObjectHideFlags: 0
  serializedVersion: 2
  m_Modification:
    m_TransformParent: {fileID: 3215246827958456156}
    m_Modifications:
    - target: {fileID: 2001424782943512485, guid: 57798070971de5c4fb4f3ef295f7759a,
        type: 3}
      propertyPath: m_Name
      value: Block Stacks (9)
      objectReference: {fileID: 0}
    - target: {fileID: 3441072204465586319, guid: 57798070971de5c4fb4f3ef295f7759a,
        type: 3}
      propertyPath: m_RootOrder
      value: 10
      objectReference: {fileID: 0}
    - target: {fileID: 3441072204465586319, guid: 57798070971de5c4fb4f3ef295f7759a,
        type: 3}
      propertyPath: m_LocalPosition.x
      value: 2.9100018
      objectReference: {fileID: 0}
    - target: {fileID: 3441072204465586319, guid: 57798070971de5c4fb4f3ef295f7759a,
        type: 3}
      propertyPath: m_LocalPosition.y
      value: -4.9900002
      objectReference: {fileID: 0}
    - target: {fileID: 3441072204465586319, guid: 57798070971de5c4fb4f3ef295f7759a,
        type: 3}
      propertyPath: m_LocalPosition.z
      value: -10.524051
      objectReference: {fileID: 0}
    - target: {fileID: 3441072204465586319, guid: 57798070971de5c4fb4f3ef295f7759a,
        type: 3}
      propertyPath: m_LocalRotation.w
      value: 1
      objectReference: {fileID: 0}
    - target: {fileID: 3441072204465586319, guid: 57798070971de5c4fb4f3ef295f7759a,
        type: 3}
      propertyPath: m_LocalRotation.x
      value: -0
      objectReference: {fileID: 0}
    - target: {fileID: 3441072204465586319, guid: 57798070971de5c4fb4f3ef295f7759a,
        type: 3}
      propertyPath: m_LocalRotation.y
      value: -0
      objectReference: {fileID: 0}
    - target: {fileID: 3441072204465586319, guid: 57798070971de5c4fb4f3ef295f7759a,
        type: 3}
      propertyPath: m_LocalRotation.z
      value: -0
      objectReference: {fileID: 0}
    - target: {fileID: 3441072204465586319, guid: 57798070971de5c4fb4f3ef295f7759a,
        type: 3}
      propertyPath: m_LocalEulerAnglesHint.x
      value: 0
      objectReference: {fileID: 0}
    - target: {fileID: 3441072204465586319, guid: 57798070971de5c4fb4f3ef295f7759a,
        type: 3}
      propertyPath: m_LocalEulerAnglesHint.y
      value: 0
      objectReference: {fileID: 0}
    - target: {fileID: 3441072204465586319, guid: 57798070971de5c4fb4f3ef295f7759a,
        type: 3}
      propertyPath: m_LocalEulerAnglesHint.z
      value: 0
      objectReference: {fileID: 0}
    m_RemovedComponents: []
  m_SourcePrefab: {fileID: 100100000, guid: 57798070971de5c4fb4f3ef295f7759a, type: 3}
--- !u!4 &8778525951110179081 stripped
Transform:
  m_CorrespondingSourceObject: {fileID: 3441072204465586319, guid: 57798070971de5c4fb4f3ef295f7759a,
    type: 3}
  m_PrefabInstance: {fileID: 6202215520618162566}
  m_PrefabAsset: {fileID: 0}
--- !u!1001 &6202215520631663910
PrefabInstance:
  m_ObjectHideFlags: 0
  serializedVersion: 2
  m_Modification:
    m_TransformParent: {fileID: 3215246827958456156}
    m_Modifications:
    - target: {fileID: 2001424782943512485, guid: 57798070971de5c4fb4f3ef295f7759a,
        type: 3}
      propertyPath: m_Name
      value: Block Stacks (6)
      objectReference: {fileID: 0}
    - target: {fileID: 3441072204465586319, guid: 57798070971de5c4fb4f3ef295f7759a,
        type: 3}
      propertyPath: m_RootOrder
      value: 6
      objectReference: {fileID: 0}
    - target: {fileID: 3441072204465586319, guid: 57798070971de5c4fb4f3ef295f7759a,
        type: 3}
      propertyPath: m_LocalPosition.x
      value: 0.8500004
      objectReference: {fileID: 0}
    - target: {fileID: 3441072204465586319, guid: 57798070971de5c4fb4f3ef295f7759a,
        type: 3}
      propertyPath: m_LocalPosition.y
      value: -5
      objectReference: {fileID: 0}
    - target: {fileID: 3441072204465586319, guid: 57798070971de5c4fb4f3ef295f7759a,
        type: 3}
      propertyPath: m_LocalPosition.z
      value: -10.454051
      objectReference: {fileID: 0}
    - target: {fileID: 3441072204465586319, guid: 57798070971de5c4fb4f3ef295f7759a,
        type: 3}
      propertyPath: m_LocalRotation.w
      value: 1
      objectReference: {fileID: 0}
    - target: {fileID: 3441072204465586319, guid: 57798070971de5c4fb4f3ef295f7759a,
        type: 3}
      propertyPath: m_LocalRotation.x
      value: -0
      objectReference: {fileID: 0}
    - target: {fileID: 3441072204465586319, guid: 57798070971de5c4fb4f3ef295f7759a,
        type: 3}
      propertyPath: m_LocalRotation.y
      value: -0
      objectReference: {fileID: 0}
    - target: {fileID: 3441072204465586319, guid: 57798070971de5c4fb4f3ef295f7759a,
        type: 3}
      propertyPath: m_LocalRotation.z
      value: -0
      objectReference: {fileID: 0}
    - target: {fileID: 3441072204465586319, guid: 57798070971de5c4fb4f3ef295f7759a,
        type: 3}
      propertyPath: m_LocalEulerAnglesHint.x
      value: 0
      objectReference: {fileID: 0}
    - target: {fileID: 3441072204465586319, guid: 57798070971de5c4fb4f3ef295f7759a,
        type: 3}
      propertyPath: m_LocalEulerAnglesHint.y
      value: 0
      objectReference: {fileID: 0}
    - target: {fileID: 3441072204465586319, guid: 57798070971de5c4fb4f3ef295f7759a,
        type: 3}
      propertyPath: m_LocalEulerAnglesHint.z
      value: 0
      objectReference: {fileID: 0}
    m_RemovedComponents: []
  m_SourcePrefab: {fileID: 100100000, guid: 57798070971de5c4fb4f3ef295f7759a, type: 3}
--- !u!4 &8778525951086456233 stripped
Transform:
  m_CorrespondingSourceObject: {fileID: 3441072204465586319, guid: 57798070971de5c4fb4f3ef295f7759a,
    type: 3}
  m_PrefabInstance: {fileID: 6202215520631663910}
  m_PrefabAsset: {fileID: 0}
--- !u!1001 &6202215520640763245
PrefabInstance:
  m_ObjectHideFlags: 0
  serializedVersion: 2
  m_Modification:
    m_TransformParent: {fileID: 3215246827958456156}
    m_Modifications:
    - target: {fileID: 2001424782943512485, guid: 57798070971de5c4fb4f3ef295f7759a,
        type: 3}
      propertyPath: m_Name
      value: Block Stacks (7)
      objectReference: {fileID: 0}
    - target: {fileID: 3441072204465586319, guid: 57798070971de5c4fb4f3ef295f7759a,
        type: 3}
      propertyPath: m_RootOrder
      value: 7
      objectReference: {fileID: 0}
    - target: {fileID: 3441072204465586319, guid: 57798070971de5c4fb4f3ef295f7759a,
        type: 3}
      propertyPath: m_LocalPosition.x
      value: -0.069999695
      objectReference: {fileID: 0}
    - target: {fileID: 3441072204465586319, guid: 57798070971de5c4fb4f3ef295f7759a,
        type: 3}
      propertyPath: m_LocalPosition.y
      value: -4.9700003
      objectReference: {fileID: 0}
    - target: {fileID: 3441072204465586319, guid: 57798070971de5c4fb4f3ef295f7759a,
        type: 3}
      propertyPath: m_LocalPosition.z
      value: -10.454051
      objectReference: {fileID: 0}
    - target: {fileID: 3441072204465586319, guid: 57798070971de5c4fb4f3ef295f7759a,
        type: 3}
      propertyPath: m_LocalRotation.w
      value: 1
      objectReference: {fileID: 0}
    - target: {fileID: 3441072204465586319, guid: 57798070971de5c4fb4f3ef295f7759a,
        type: 3}
      propertyPath: m_LocalRotation.x
      value: -0
      objectReference: {fileID: 0}
    - target: {fileID: 3441072204465586319, guid: 57798070971de5c4fb4f3ef295f7759a,
        type: 3}
      propertyPath: m_LocalRotation.y
      value: -0
      objectReference: {fileID: 0}
    - target: {fileID: 3441072204465586319, guid: 57798070971de5c4fb4f3ef295f7759a,
        type: 3}
      propertyPath: m_LocalRotation.z
      value: -0
      objectReference: {fileID: 0}
    - target: {fileID: 3441072204465586319, guid: 57798070971de5c4fb4f3ef295f7759a,
        type: 3}
      propertyPath: m_LocalEulerAnglesHint.x
      value: 0
      objectReference: {fileID: 0}
    - target: {fileID: 3441072204465586319, guid: 57798070971de5c4fb4f3ef295f7759a,
        type: 3}
      propertyPath: m_LocalEulerAnglesHint.y
      value: 0
      objectReference: {fileID: 0}
    - target: {fileID: 3441072204465586319, guid: 57798070971de5c4fb4f3ef295f7759a,
        type: 3}
      propertyPath: m_LocalEulerAnglesHint.z
      value: 0
      objectReference: {fileID: 0}
    m_RemovedComponents: []
  m_SourcePrefab: {fileID: 100100000, guid: 57798070971de5c4fb4f3ef295f7759a, type: 3}
--- !u!4 &8778525953024411106 stripped
Transform:
  m_CorrespondingSourceObject: {fileID: 3441072204465586319, guid: 57798070971de5c4fb4f3ef295f7759a,
    type: 3}
  m_PrefabInstance: {fileID: 6202215520640763245}
  m_PrefabAsset: {fileID: 0}
--- !u!1001 &6202215520731501698
PrefabInstance:
  m_ObjectHideFlags: 0
  serializedVersion: 2
  m_Modification:
    m_TransformParent: {fileID: 3215246827958456156}
    m_Modifications:
    - target: {fileID: 2001424782943512485, guid: 57798070971de5c4fb4f3ef295f7759a,
        type: 3}
      propertyPath: m_Name
      value: Block Stacks (8)
      objectReference: {fileID: 0}
    - target: {fileID: 3441072204465586319, guid: 57798070971de5c4fb4f3ef295f7759a,
        type: 3}
      propertyPath: m_RootOrder
      value: 8
      objectReference: {fileID: 0}
    - target: {fileID: 3441072204465586319, guid: 57798070971de5c4fb4f3ef295f7759a,
        type: 3}
      propertyPath: m_LocalPosition.x
      value: 1.8800011
      objectReference: {fileID: 0}
    - target: {fileID: 3441072204465586319, guid: 57798070971de5c4fb4f3ef295f7759a,
        type: 3}
      propertyPath: m_LocalPosition.y
      value: -9.92
      objectReference: {fileID: 0}
    - target: {fileID: 3441072204465586319, guid: 57798070971de5c4fb4f3ef295f7759a,
        type: 3}
      propertyPath: m_LocalPosition.z
      value: -10.454051
      objectReference: {fileID: 0}
    - target: {fileID: 3441072204465586319, guid: 57798070971de5c4fb4f3ef295f7759a,
        type: 3}
      propertyPath: m_LocalRotation.w
      value: 1
      objectReference: {fileID: 0}
    - target: {fileID: 3441072204465586319, guid: 57798070971de5c4fb4f3ef295f7759a,
        type: 3}
      propertyPath: m_LocalRotation.x
      value: -0
      objectReference: {fileID: 0}
    - target: {fileID: 3441072204465586319, guid: 57798070971de5c4fb4f3ef295f7759a,
        type: 3}
      propertyPath: m_LocalRotation.y
      value: -0
      objectReference: {fileID: 0}
    - target: {fileID: 3441072204465586319, guid: 57798070971de5c4fb4f3ef295f7759a,
        type: 3}
      propertyPath: m_LocalRotation.z
      value: -0
      objectReference: {fileID: 0}
    - target: {fileID: 3441072204465586319, guid: 57798070971de5c4fb4f3ef295f7759a,
        type: 3}
      propertyPath: m_LocalEulerAnglesHint.x
      value: 0
      objectReference: {fileID: 0}
    - target: {fileID: 3441072204465586319, guid: 57798070971de5c4fb4f3ef295f7759a,
        type: 3}
      propertyPath: m_LocalEulerAnglesHint.y
      value: 0
      objectReference: {fileID: 0}
    - target: {fileID: 3441072204465586319, guid: 57798070971de5c4fb4f3ef295f7759a,
        type: 3}
      propertyPath: m_LocalEulerAnglesHint.z
      value: 0
      objectReference: {fileID: 0}
    m_RemovedComponents: []
  m_SourcePrefab: {fileID: 100100000, guid: 57798070971de5c4fb4f3ef295f7759a, type: 3}
--- !u!4 &8778525953069011981 stripped
Transform:
  m_CorrespondingSourceObject: {fileID: 3441072204465586319, guid: 57798070971de5c4fb4f3ef295f7759a,
    type: 3}
  m_PrefabInstance: {fileID: 6202215520731501698}
  m_PrefabAsset: {fileID: 0}
--- !u!1001 &6202215520878887263
PrefabInstance:
  m_ObjectHideFlags: 0
  serializedVersion: 2
  m_Modification:
    m_TransformParent: {fileID: 3215246827958456156}
    m_Modifications:
    - target: {fileID: 2001424782943512485, guid: 57798070971de5c4fb4f3ef295f7759a,
        type: 3}
      propertyPath: m_Name
      value: Block Stacks (10)
      objectReference: {fileID: 0}
    - target: {fileID: 3441072204465586319, guid: 57798070971de5c4fb4f3ef295f7759a,
        type: 3}
      propertyPath: m_RootOrder
      value: 13
      objectReference: {fileID: 0}
    - target: {fileID: 3441072204465586319, guid: 57798070971de5c4fb4f3ef295f7759a,
        type: 3}
      propertyPath: m_LocalPosition.x
      value: 4.800001
      objectReference: {fileID: 0}
    - target: {fileID: 3441072204465586319, guid: 57798070971de5c4fb4f3ef295f7759a,
        type: 3}
      propertyPath: m_LocalPosition.y
      value: -9.92
      objectReference: {fileID: 0}
    - target: {fileID: 3441072204465586319, guid: 57798070971de5c4fb4f3ef295f7759a,
        type: 3}
      propertyPath: m_LocalPosition.z
      value: -10.454051
      objectReference: {fileID: 0}
    - target: {fileID: 3441072204465586319, guid: 57798070971de5c4fb4f3ef295f7759a,
        type: 3}
      propertyPath: m_LocalRotation.w
      value: 1
      objectReference: {fileID: 0}
    - target: {fileID: 3441072204465586319, guid: 57798070971de5c4fb4f3ef295f7759a,
        type: 3}
      propertyPath: m_LocalRotation.x
      value: -0
      objectReference: {fileID: 0}
    - target: {fileID: 3441072204465586319, guid: 57798070971de5c4fb4f3ef295f7759a,
        type: 3}
      propertyPath: m_LocalRotation.y
      value: -0
      objectReference: {fileID: 0}
    - target: {fileID: 3441072204465586319, guid: 57798070971de5c4fb4f3ef295f7759a,
        type: 3}
      propertyPath: m_LocalRotation.z
      value: -0
      objectReference: {fileID: 0}
    - target: {fileID: 3441072204465586319, guid: 57798070971de5c4fb4f3ef295f7759a,
        type: 3}
      propertyPath: m_LocalEulerAnglesHint.x
      value: 0
      objectReference: {fileID: 0}
    - target: {fileID: 3441072204465586319, guid: 57798070971de5c4fb4f3ef295f7759a,
        type: 3}
      propertyPath: m_LocalEulerAnglesHint.y
      value: 0
      objectReference: {fileID: 0}
    - target: {fileID: 3441072204465586319, guid: 57798070971de5c4fb4f3ef295f7759a,
        type: 3}
      propertyPath: m_LocalEulerAnglesHint.z
      value: 0
      objectReference: {fileID: 0}
    m_RemovedComponents: []
  m_SourcePrefab: {fileID: 100100000, guid: 57798070971de5c4fb4f3ef295f7759a, type: 3}
--- !u!4 &8778525952994099664 stripped
Transform:
  m_CorrespondingSourceObject: {fileID: 3441072204465586319, guid: 57798070971de5c4fb4f3ef295f7759a,
    type: 3}
  m_PrefabInstance: {fileID: 6202215520878887263}
  m_PrefabAsset: {fileID: 0}
--- !u!1001 &6202215521001840015
PrefabInstance:
  m_ObjectHideFlags: 0
  serializedVersion: 2
  m_Modification:
    m_TransformParent: {fileID: 3215246827958456156}
    m_Modifications:
    - target: {fileID: 2001424782943512485, guid: 57798070971de5c4fb4f3ef295f7759a,
        type: 3}
      propertyPath: m_Name
      value: Block Stacks (14)
      objectReference: {fileID: 0}
    - target: {fileID: 3441072204465586319, guid: 57798070971de5c4fb4f3ef295f7759a,
        type: 3}
      propertyPath: m_RootOrder
      value: 12
      objectReference: {fileID: 0}
    - target: {fileID: 3441072204465586319, guid: 57798070971de5c4fb4f3ef295f7759a,
        type: 3}
      propertyPath: m_LocalPosition.x
      value: 3.840002
      objectReference: {fileID: 0}
    - target: {fileID: 3441072204465586319, guid: 57798070971de5c4fb4f3ef295f7759a,
        type: 3}
      propertyPath: m_LocalPosition.y
      value: -9.92
      objectReference: {fileID: 0}
    - target: {fileID: 3441072204465586319, guid: 57798070971de5c4fb4f3ef295f7759a,
        type: 3}
      propertyPath: m_LocalPosition.z
      value: -10.454051
      objectReference: {fileID: 0}
    - target: {fileID: 3441072204465586319, guid: 57798070971de5c4fb4f3ef295f7759a,
        type: 3}
      propertyPath: m_LocalRotation.w
      value: 1
      objectReference: {fileID: 0}
    - target: {fileID: 3441072204465586319, guid: 57798070971de5c4fb4f3ef295f7759a,
        type: 3}
      propertyPath: m_LocalRotation.x
      value: -0
      objectReference: {fileID: 0}
    - target: {fileID: 3441072204465586319, guid: 57798070971de5c4fb4f3ef295f7759a,
        type: 3}
      propertyPath: m_LocalRotation.y
      value: -0
      objectReference: {fileID: 0}
    - target: {fileID: 3441072204465586319, guid: 57798070971de5c4fb4f3ef295f7759a,
        type: 3}
      propertyPath: m_LocalRotation.z
      value: -0
      objectReference: {fileID: 0}
    - target: {fileID: 3441072204465586319, guid: 57798070971de5c4fb4f3ef295f7759a,
        type: 3}
      propertyPath: m_LocalEulerAnglesHint.x
      value: 0
      objectReference: {fileID: 0}
    - target: {fileID: 3441072204465586319, guid: 57798070971de5c4fb4f3ef295f7759a,
        type: 3}
      propertyPath: m_LocalEulerAnglesHint.y
      value: 0
      objectReference: {fileID: 0}
    - target: {fileID: 3441072204465586319, guid: 57798070971de5c4fb4f3ef295f7759a,
        type: 3}
      propertyPath: m_LocalEulerAnglesHint.z
      value: 0
      objectReference: {fileID: 0}
    m_RemovedComponents: []
  m_SourcePrefab: {fileID: 100100000, guid: 57798070971de5c4fb4f3ef295f7759a, type: 3}
--- !u!4 &8778525952798809344 stripped
Transform:
  m_CorrespondingSourceObject: {fileID: 3441072204465586319, guid: 57798070971de5c4fb4f3ef295f7759a,
    type: 3}
  m_PrefabInstance: {fileID: 6202215521001840015}
  m_PrefabAsset: {fileID: 0}
--- !u!1001 &6202215521251398313
PrefabInstance:
  m_ObjectHideFlags: 0
  serializedVersion: 2
  m_Modification:
    m_TransformParent: {fileID: 3215246827958456156}
    m_Modifications:
    - target: {fileID: 2001424782943512485, guid: 57798070971de5c4fb4f3ef295f7759a,
        type: 3}
      propertyPath: m_Name
      value: Block Stacks (12)
      objectReference: {fileID: 0}
    - target: {fileID: 3441072204465586319, guid: 57798070971de5c4fb4f3ef295f7759a,
        type: 3}
      propertyPath: m_RootOrder
      value: 9
      objectReference: {fileID: 0}
    - target: {fileID: 3441072204465586319, guid: 57798070971de5c4fb4f3ef295f7759a,
        type: 3}
      propertyPath: m_LocalPosition.x
      value: 2.880001
      objectReference: {fileID: 0}
    - target: {fileID: 3441072204465586319, guid: 57798070971de5c4fb4f3ef295f7759a,
        type: 3}
      propertyPath: m_LocalPosition.y
      value: -9.92
      objectReference: {fileID: 0}
    - target: {fileID: 3441072204465586319, guid: 57798070971de5c4fb4f3ef295f7759a,
        type: 3}
      propertyPath: m_LocalPosition.z
      value: -10.514051
      objectReference: {fileID: 0}
    - target: {fileID: 3441072204465586319, guid: 57798070971de5c4fb4f3ef295f7759a,
        type: 3}
      propertyPath: m_LocalRotation.w
      value: 1
      objectReference: {fileID: 0}
    - target: {fileID: 3441072204465586319, guid: 57798070971de5c4fb4f3ef295f7759a,
        type: 3}
      propertyPath: m_LocalRotation.x
      value: -0
      objectReference: {fileID: 0}
    - target: {fileID: 3441072204465586319, guid: 57798070971de5c4fb4f3ef295f7759a,
        type: 3}
      propertyPath: m_LocalRotation.y
      value: -0
      objectReference: {fileID: 0}
    - target: {fileID: 3441072204465586319, guid: 57798070971de5c4fb4f3ef295f7759a,
        type: 3}
      propertyPath: m_LocalRotation.z
      value: -0
      objectReference: {fileID: 0}
    - target: {fileID: 3441072204465586319, guid: 57798070971de5c4fb4f3ef295f7759a,
        type: 3}
      propertyPath: m_LocalEulerAnglesHint.x
      value: 0
      objectReference: {fileID: 0}
    - target: {fileID: 3441072204465586319, guid: 57798070971de5c4fb4f3ef295f7759a,
        type: 3}
      propertyPath: m_LocalEulerAnglesHint.y
      value: 0
      objectReference: {fileID: 0}
    - target: {fileID: 3441072204465586319, guid: 57798070971de5c4fb4f3ef295f7759a,
        type: 3}
      propertyPath: m_LocalEulerAnglesHint.z
      value: 0
      objectReference: {fileID: 0}
    m_RemovedComponents: []
  m_SourcePrefab: {fileID: 100100000, guid: 57798070971de5c4fb4f3ef295f7759a, type: 3}
--- !u!4 &8778525952549245478 stripped
Transform:
  m_CorrespondingSourceObject: {fileID: 3441072204465586319, guid: 57798070971de5c4fb4f3ef295f7759a,
    type: 3}
  m_PrefabInstance: {fileID: 6202215521251398313}
  m_PrefabAsset: {fileID: 0}
--- !u!1001 &6202215521358206428
PrefabInstance:
  m_ObjectHideFlags: 0
  serializedVersion: 2
  m_Modification:
    m_TransformParent: {fileID: 3215246827958456156}
    m_Modifications:
    - target: {fileID: 2001424782943512485, guid: 57798070971de5c4fb4f3ef295f7759a,
        type: 3}
      propertyPath: m_Name
      value: Block Stacks (15)
      objectReference: {fileID: 0}
    - target: {fileID: 3441072204465586319, guid: 57798070971de5c4fb4f3ef295f7759a,
        type: 3}
      propertyPath: m_RootOrder
      value: 14
      objectReference: {fileID: 0}
    - target: {fileID: 3441072204465586319, guid: 57798070971de5c4fb4f3ef295f7759a,
        type: 3}
      propertyPath: m_LocalPosition.x
      value: 4.800001
      objectReference: {fileID: 0}
    - target: {fileID: 3441072204465586319, guid: 57798070971de5c4fb4f3ef295f7759a,
        type: 3}
      propertyPath: m_LocalPosition.y
      value: -5
      objectReference: {fileID: 0}
    - target: {fileID: 3441072204465586319, guid: 57798070971de5c4fb4f3ef295f7759a,
        type: 3}
      propertyPath: m_LocalPosition.z
      value: -10.454051
      objectReference: {fileID: 0}
    - target: {fileID: 3441072204465586319, guid: 57798070971de5c4fb4f3ef295f7759a,
        type: 3}
      propertyPath: m_LocalRotation.w
      value: 1
      objectReference: {fileID: 0}
    - target: {fileID: 3441072204465586319, guid: 57798070971de5c4fb4f3ef295f7759a,
        type: 3}
      propertyPath: m_LocalRotation.x
      value: -0
      objectReference: {fileID: 0}
    - target: {fileID: 3441072204465586319, guid: 57798070971de5c4fb4f3ef295f7759a,
        type: 3}
      propertyPath: m_LocalRotation.y
      value: -0
      objectReference: {fileID: 0}
    - target: {fileID: 3441072204465586319, guid: 57798070971de5c4fb4f3ef295f7759a,
        type: 3}
      propertyPath: m_LocalRotation.z
      value: -0
      objectReference: {fileID: 0}
    - target: {fileID: 3441072204465586319, guid: 57798070971de5c4fb4f3ef295f7759a,
        type: 3}
      propertyPath: m_LocalEulerAnglesHint.x
      value: 0
      objectReference: {fileID: 0}
    - target: {fileID: 3441072204465586319, guid: 57798070971de5c4fb4f3ef295f7759a,
        type: 3}
      propertyPath: m_LocalEulerAnglesHint.y
      value: 0
      objectReference: {fileID: 0}
    - target: {fileID: 3441072204465586319, guid: 57798070971de5c4fb4f3ef295f7759a,
        type: 3}
      propertyPath: m_LocalEulerAnglesHint.z
      value: 0
      objectReference: {fileID: 0}
    m_RemovedComponents: []
  m_SourcePrefab: {fileID: 100100000, guid: 57798070971de5c4fb4f3ef295f7759a, type: 3}
--- !u!4 &8778525952383391059 stripped
Transform:
  m_CorrespondingSourceObject: {fileID: 3441072204465586319, guid: 57798070971de5c4fb4f3ef295f7759a,
    type: 3}
  m_PrefabInstance: {fileID: 6202215521358206428}
  m_PrefabAsset: {fileID: 0}
--- !u!1001 &6202215521411373404
PrefabInstance:
  m_ObjectHideFlags: 0
  serializedVersion: 2
  m_Modification:
    m_TransformParent: {fileID: 3215246827958456156}
    m_Modifications:
    - target: {fileID: 2001424782943512485, guid: 57798070971de5c4fb4f3ef295f7759a,
        type: 3}
      propertyPath: m_Name
      value: Block Stacks (3)
      objectReference: {fileID: 0}
    - target: {fileID: 3441072204465586319, guid: 57798070971de5c4fb4f3ef295f7759a,
        type: 3}
      propertyPath: m_RootOrder
      value: 3
      objectReference: {fileID: 0}
    - target: {fileID: 3441072204465586319, guid: 57798070971de5c4fb4f3ef295f7759a,
        type: 3}
      propertyPath: m_LocalPosition.x
      value: -2.0699997
      objectReference: {fileID: 0}
    - target: {fileID: 3441072204465586319, guid: 57798070971de5c4fb4f3ef295f7759a,
        type: 3}
      propertyPath: m_LocalPosition.y
      value: -4.92
      objectReference: {fileID: 0}
    - target: {fileID: 3441072204465586319, guid: 57798070971de5c4fb4f3ef295f7759a,
        type: 3}
      propertyPath: m_LocalPosition.z
      value: -10.324051
      objectReference: {fileID: 0}
    - target: {fileID: 3441072204465586319, guid: 57798070971de5c4fb4f3ef295f7759a,
        type: 3}
      propertyPath: m_LocalRotation.w
      value: 1
      objectReference: {fileID: 0}
    - target: {fileID: 3441072204465586319, guid: 57798070971de5c4fb4f3ef295f7759a,
        type: 3}
      propertyPath: m_LocalRotation.x
      value: -0
      objectReference: {fileID: 0}
    - target: {fileID: 3441072204465586319, guid: 57798070971de5c4fb4f3ef295f7759a,
        type: 3}
      propertyPath: m_LocalRotation.y
      value: -0
      objectReference: {fileID: 0}
    - target: {fileID: 3441072204465586319, guid: 57798070971de5c4fb4f3ef295f7759a,
        type: 3}
      propertyPath: m_LocalRotation.z
      value: -0
      objectReference: {fileID: 0}
    - target: {fileID: 3441072204465586319, guid: 57798070971de5c4fb4f3ef295f7759a,
        type: 3}
      propertyPath: m_LocalEulerAnglesHint.x
      value: 0
      objectReference: {fileID: 0}
    - target: {fileID: 3441072204465586319, guid: 57798070971de5c4fb4f3ef295f7759a,
        type: 3}
      propertyPath: m_LocalEulerAnglesHint.y
      value: 0
      objectReference: {fileID: 0}
    - target: {fileID: 3441072204465586319, guid: 57798070971de5c4fb4f3ef295f7759a,
        type: 3}
      propertyPath: m_LocalEulerAnglesHint.z
      value: 0
      objectReference: {fileID: 0}
    m_RemovedComponents: []
  m_SourcePrefab: {fileID: 100100000, guid: 57798070971de5c4fb4f3ef295f7759a, type: 3}
--- !u!4 &8778525952453368275 stripped
Transform:
  m_CorrespondingSourceObject: {fileID: 3441072204465586319, guid: 57798070971de5c4fb4f3ef295f7759a,
    type: 3}
  m_PrefabInstance: {fileID: 6202215521411373404}
  m_PrefabAsset: {fileID: 0}
